@inproceedings{defferrard2016convolutional,
  title={Convolutional neural networks on graphs with fast localized spectral filtering},
  author={Defferrard, Micha{\"e}l and Bresson, Xavier and Vandergheynst, Pierre},
  booktitle={Advances in Neural Information Processing Systems},
  pages={3844--3852},
  year={2016}
}


@article{cohen2017convolutional,
  title={Convolutional networks for spherical signals},
  author={Cohen, Taco and Geiger, Mario and Welling, Max},
  journal={arXiv preprint arXiv:1709.04893},
  year={2017}
}

@article{cohen2018spherical,
  title={Spherical CNNs},
  author={Cohen, Taco S and Geiger, Mario and Koehler, Jonas and Welling, Max},
  journal={arXiv preprint arXiv:1801.10130},
  year={2018}
}


@inproceedings{su2017learning,
  title={Learning spherical convolution for fast features from 360 imagery},
  author={Su, Yu-Chuan and Grauman, Kristen},
  booktitle={Advances in Neural Information Processing Systems},
  pages={529--539},
  year={2017}
}

@article{su2017learning,
  title={Learning Compressible 360 $\{$$\backslash$deg$\}$ Video Isomers},
  author={Su, Yu-Chuan and Grauman, Kristen},
  journal={arXiv preprint arXiv:1712.04083},
  year={2017}
}

@article{he2018analysis,
  title={Analysis of Cosmic Microwave Background with Deep Learning},
  author={He, Siyu and Ravanbakhsh, Siamak and Ho, Shirley},
  year={2018}
}

@inproceedings{boomsma2017spherical,
  title={Spherical convolutions and their application in molecular modelling},
  author={Boomsma, Wouter and Frellsen, Jes},
  booktitle={Advances in Neural Information Processing Systems},
  pages={3436--3446},
  year={2017}
}
